@article{kim,
  title={벌칙 함수에 기반한 유전 알고리즘을 사용한 강의 시간표의 자동 작성},
  author={김대진 and 김철현},
  journal={정보과학회논문지 (C)},
  volume={2},
  number={3},
  pages={317--325},
  year={1996}
}

@article{kadowaki1998quantum,
  title={Quantum annealing in the transverse Ising model},
  author={Kadowaki, Tadashi and Nishimori, Hidetoshi},
  journal={Physical Review E},
  volume={58},
  number={5},
  pages={5355},
  year={1998},
  publisher={APS}
}

@inproceedings{tabi2020quantum,
  title={Quantum optimization for the graph coloring problem with space-efficient embedding},
  author={Tabi, Zsolt and El-Safty, Kareem H and Kallus, Zs{\'o}fia and H{\'a}ga, P{\'e}ter and Kozsik, Tam{\'a}s and Glos, Adam and Zimbor{\'a}s, Zolt{\'a}n},
  booktitle={2020 IEEE International Conference on Quantum Computing and Engineering (QCE)},
  pages={56--62},
  year={2020},
  organization={IEEE}
}

@article{venegas2018cross,
  title={A cross-disciplinary introduction to quantum annealing-based algorithms},
  author={Venegas-Andraca, Salvador E and Cruz-Santos, William and McGeoch, Catherine and Lanzagorta, Marco},
  journal={Contemporary Physics},
  volume={59},
  number={2},
  pages={174--197},
  year={2018},
  publisher={Taylor \& Francis}
}

@inproceedings{freedman2005energy,
  title={Energy minimization via graph cuts: Settling what is possible},
  author={Freedman, Daniel and Drineas, Petros},
  booktitle={2005 IEEE Computer Society Conference on Computer Vision and Pattern Recognition (CVPR'05)},
  volume={2},
  pages={939--946},
  year={2005},
  organization={IEEE}
}

@article{ishikawa2010transformation,
  title={Transformation of general binary MRF minimization to the first-order case},
  author={Ishikawa, Hiroshi},
  journal={IEEE transactions on pattern analysis and machine intelligence},
  volume={33},
  number={6},
  pages={1234--1249},
  year={2010},
  publisher={IEEE}
}

